<?xml version = "1.0" encoding = "UTF-8"?>
<OAI-PMH xmlns="http://www.openarchives.org/OAI/2.0/" xmlns:xsi="http://www.w3.org/2001/XMLSchema-instance"
	xsi:schemaLocation="http://www.openarchives.org/OAI/2.0/ http://www.openarchives.org/OAI/2.0/OAI-PMH.xsd">
	<ListRecords>
		<record>
			<header>
				<identifier>aleph-publish:015595776</identifier>
			</header>
			<metadata>
				<record xmlns="http://www.ddb.de/professionell/mabxml/mabxml-1.xsd">
					<leader>------M2.01200024------h</leader>
					<controlfield tag="LDR">------M2.01200024------h
					</controlfield>
					<controlfield tag="FMT">MH</controlfield>
					<datafield tag="001" ind1="-" ind2="1">
						<subfield code="a">HT015004325</subfield>
					</datafield>
					<datafield tag="002" ind1="a" ind2="1">
						<subfield code="a">20070301</subfield>
					</datafield>
					<controlfield tag="030">a|1uc||||||37</controlfield>
					<datafield tag="036" ind1="a" ind2="1">
						<subfield code="a">DE</subfield>
					</datafield>
					<datafield tag="037" ind1="b" ind2="1">
						<subfield code="a">ger</subfield>
					</datafield>
					<controlfield tag="050">||||||||g|||||</controlfield>
					<controlfield tag="051">my|||||||||||||</controlfield>
					<datafield tag="070" ind1="-" ind2="1">
						<subfield code="a">929</subfield>
					</datafield>
					<datafield tag="078" ind1="r" ind2="1">
						<subfield code="a">929: edoweb</subfield>
					</datafield>
					<datafield tag="080" ind1="-" ind2="1">
						<subfield code="a">60</subfield>
					</datafield>
					<datafield tag="100" ind1="b" ind2="1">
						<subfield code="p">Heck, Peter</subfield>
						<subfield code="9">(DE-588)102689229</subfield>
					</datafield>
					<datafield tag="104" ind1="b" ind2="1">
						<subfield code="a">Hoffmann, Dunja</subfield>
					</datafield>
					<datafield tag="200" ind1="b" ind2="1">
						<subfield code="k">Rheinland-Pfalz</subfield>
						<subfield code="b">Ministerium für Umwelt und Forsten
						</subfield>
						<subfield code="9">(DE-588)2144892-9</subfield>
					</datafield>
					<datafield tag="201" ind1="-" ind2="1">
						<subfield code="k">Ministerium für Umwelt und Forsten
						</subfield>
						<subfield code="h">Rheinland-Pfalz</subfield>
					</datafield>
					<datafield tag="201" ind1="-" ind2="1">
						<subfield code="k">Rheinland-Pfalz</subfield>
						<subfield code="b">Ministerium für Umwelt und Forsten
						</subfield>
						<subfield code="b">Arbeits- und Umweltschutzbehörde
						</subfield>
					</datafield>
					<datafield tag="201" ind1="-" ind2="1">
						<subfield code="k">Arbeits- und Umweltschutzbehörde
						</subfield>
						<subfield code="h">Rheinland-Pfalz, Ministerium für Umwelt
							und Forsten</subfield>
					</datafield>
					<datafield tag="201" ind1="-" ind2="1">
						<subfield code="k">Rheinland-Pfalz</subfield>
						<subfield code="b">Ministerium für Umwelt und Forsten
						</subfield>
						<subfield code="b">Landesforstverwaltung</subfield>
					</datafield>
					<datafield tag="201" ind1="-" ind2="1">
						<subfield code="k">Landesforstverwaltung</subfield>
						<subfield code="h">Rheinland-Pfalz, Ministerium für Umwelt
							und Forsten</subfield>
					</datafield>
					<datafield tag="201" ind1="-" ind2="1">
						<subfield code="k">Rheinland-Pfalz</subfield>
						<subfield code="b">Ministerium für Umwelt</subfield>
						<subfield code="h">Ministerium für Umwelt und Forsten
						</subfield>
					</datafield>
					<datafield tag="201" ind1="-" ind2="1">
						<subfield code="k">Rheinland-Pfalz</subfield>
						<subfield code="b">Ministerium für Umwelt und Forsten
						</subfield>
						<subfield code="b">Wasserwirtschaftsverwaltung</subfield>
					</datafield>
					<datafield tag="201" ind1="-" ind2="1">
						<subfield code="k">Wasserwirtschaftsverwaltung</subfield>
						<subfield code="h">Rheinland-Pfalz, Ministerium für Umwelt
							und Forsten</subfield>
					</datafield>
					<datafield tag="201" ind1="-" ind2="1">
						<subfield code="k">Rheinland-Pfalz</subfield>
						<subfield code="b">Ministerium für Umwelt und Forsten
						</subfield>
						<subfield code="b">Abteilung Wasserwirtschaft</subfield>
					</datafield>
					<datafield tag="201" ind1="-" ind2="1">
						<subfield code="k">Rheinland-Pfalz</subfield>
						<subfield code="b">Ministerium für Umwelt und Forsten
						</subfield>
						<subfield code="b">Arbeitsgruppe Leitfaden Erdwärmesonden
						</subfield>
					</datafield>
					<datafield tag="201" ind1="-" ind2="1">
						<subfield code="k">Arbeitsgruppe Leitfaden Erdwärmesonden
						</subfield>
						<subfield code="h">Rheinland-Pfalz, Ministerium für Umwelt
							und Forsten</subfield>
					</datafield>
					<datafield tag="201" ind1="-" ind2="1">
						<subfield code="k">Rheinland-Pfalz</subfield>
						<subfield code="b">Ministerium für Umwelt und Forsten
						</subfield>
						<subfield code="b">Referat</subfield>
						<subfield code="h">1041</subfield>
					</datafield>
					<datafield tag="201" ind1="-" ind2="1">
						<subfield code="k">Rheinland-Pfalz</subfield>
						<subfield code="b">Landesforstverwaltung</subfield>
						<subfield code="h">Ministerium für Umwelt und Forsten
						</subfield>
					</datafield>
					<datafield tag="201" ind1="-" ind2="1">
						<subfield code="k">Rheinland-Pfalz</subfield>
						<subfield code="b">Minsterium für Umwelt und Forsten
						</subfield>
						<subfield code="b">Landesforsten</subfield>
					</datafield>
					<datafield tag="201" ind1="-" ind2="1">
						<subfield code="k">Rheinland-Pfalz</subfield>
						<subfield code="b">Landesforsten</subfield>
						<subfield code="h">Ministerium für Umwelt und Forsten
						</subfield>
					</datafield>
					<datafield tag="201" ind1="-" ind2="1">
						<subfield code="k">Landesforsten</subfield>
						<subfield code="h">Rheinland-Pfalz, Ministerium für Umwelt
							und Forsten</subfield>
					</datafield>
					<datafield tag="204" ind1="b" ind2="1">
						<subfield code="k">Institut für Angewandtes
							Stoffstrommanagement</subfield>
						<subfield code="h">Birkenfeld, Nahe</subfield>
						<subfield code="9">(DE-588)10061029-8</subfield>
					</datafield>
					<datafield tag="205" ind1="-" ind2="1">
						<subfield code="k">Fachhochschule</subfield>
						<subfield code="h">Trier</subfield>
						<subfield code="b">Umwelt-Campus</subfield>
						<subfield code="h">Birkenfeld, Nahe</subfield>
						<subfield code="b">Institut für Angewandtes
							Stoffstrommanagement</subfield>
					</datafield>
					<datafield tag="205" ind1="-" ind2="1">
						<subfield code="k">Fachhochschule</subfield>
						<subfield code="h">Trier</subfield>
						<subfield code="b">Institut für Angewandtes
							Stoffstrommanagement</subfield>
					</datafield>
					<datafield tag="205" ind1="-" ind2="1">
						<subfield code="k">IfaS</subfield>
					</datafield>
					<datafield tag="331" ind1="-" ind2="1">
						<subfield code="a">Anleitung zur energetischen
							Biomassenutzung in Rheinland-Pfalz</subfield>
					</datafield>
					<datafield tag="334" ind1="-" ind2="1">
						<subfield code="a">Elektronische Ressource</subfield>
					</datafield>
					<datafield tag="335" ind1="-" ind2="1">
						<subfield code="a">Im Rahmen der Studie zur Weiterentwicklung
							der energetischen Verwertung von Biomasse in Rheinland-Pfalz
						</subfield>
					</datafield>
					<datafield tag="359" ind1="-" ind2="1">
						<subfield code="a">Im Auftrag des Ministeriums für Umwelt und
							Forsten Rheinland-Pfalz. Institut für angewandtes Stoffmanagement
							(IfaS). Verantwortlich: Peter Heck. Projektmanagement: Dunja
							Hoffmann</subfield>
					</datafield>
					<datafield tag="370" ind1="a" ind2="1">
						<subfield code="a">Energetische Biomassenutzung in
							Rheinland-Pfalz</subfield>
					</datafield>
					<datafield tag="410" ind1="-" ind2="1">
						<subfield code="a">[Birkenfeld]</subfield>
					</datafield>
					<datafield tag="425" ind1="-" ind2="1">
						<subfield code="a">[2004]</subfield>
					</datafield>
					<datafield tag="425" ind1="a" ind2="1">
						<subfield code="a">2004</subfield>
					</datafield>
					<datafield tag="433" ind1="-" ind2="1">
						<subfield code="a">56 S. : graph. Darst.</subfield>
					</datafield>
					<datafield tag="552" ind1="b" ind2="1">
						<subfield code="a">urn:nbn:de:hbz:929:</subfield>
					</datafield>
					<datafield tag="652" ind1="a" ind2="1">
						<subfield code="a">Archivierte Online-Ressource</subfield>
					</datafield>
					<datafield tag="655" ind1="e" ind2="1">
						<subfield code="x">kostenfrei; Langzeitarchivierung
						</subfield>
					</datafield>
					<datafield tag="700" ind1="l" ind2="1">
						<subfield code="a">rpb546028</subfield>
					</datafield>
					<datafield tag="700" ind1="l" ind2="1">
						<subfield code="a">910</subfield>
					</datafield>
					<datafield tag="700" ind1="l" ind2="1">
						<subfield code="a">930</subfield>
					</datafield>
					<datafield tag="700" ind1="b" ind2="1">
						<subfield code="a">570</subfield>
					</datafield>
					<datafield tag="700" ind1="b" ind2="1">
						<subfield code="a">620</subfield>
					</datafield>
					<datafield tag="710" ind1="-" ind2="1">
						<subfield code="a">Biogas</subfield>
					</datafield>
					<controlfield tag="SYS">015595776</controlfield>
					<datafield tag="HID" ind1="-" ind2="1">
						<subfield code="s">DTL2ALEPH</subfield>
						<subfield code="c">20070302</subfield>
						<subfield code="l">HBZ01</subfield>
						<subfield code="h">0740</subfield>
					</datafield>
					<datafield tag="655" ind1="e" ind2=" ">
						<subfield code="u">http://digitool.hbz-nrw.de:1801/webclient/DeliveryManager?pid=1750775&amp;custom_att_2=simple_viewer
						</subfield>
						<subfield code="y">Anleitung zur energetischen
							Biomassenutzung in Rheinland-Pfalz</subfield>
						<subfield code="x">Archivierte Online-Ressource</subfield>
					</datafield>
				</record>
			</metadata>
		</record>
	</ListRecords>
</OAI-PMH>